%YAML 1.1
%TAG !u! tag:unity3d.com,2011:
--- !u!1 &7167746725554364035
GameObject:
  m_ObjectHideFlags: 0
  m_CorrespondingSourceObject: {fileID: 0}
  m_PrefabInstance: {fileID: 0}
  m_PrefabAsset: {fileID: 0}
  serializedVersion: 6
  m_Component:
  - component: {fileID: 7167746725554364039}
  - component: {fileID: 7167746725554364036}
  - component: {fileID: 4758197226407723532}
  - component: {fileID: 218486377}
  - component: {fileID: 5103656305152806074}
  - component: {fileID: 2678935445269050104}
  m_Layer: 0
  m_Name: "Pill_\u836F\u7247"
  m_TagString: Untagged
  m_Icon: {fileID: 0}
  m_NavMeshLayer: 0
  m_StaticEditorFlags: 0
  m_IsActive: 1
--- !u!4 &7167746725554364039
Transform:
  m_ObjectHideFlags: 0
  m_CorrespondingSourceObject: {fileID: 0}
  m_PrefabInstance: {fileID: 0}
  m_PrefabAsset: {fileID: 0}
  m_GameObject: {fileID: 7167746725554364035}
  m_LocalRotation: {x: 0, y: 0, z: 0, w: 1}
  m_LocalPosition: {x: 5.05, y: -2.75, z: 12.52}
  m_LocalScale: {x: 1, y: 1, z: 1}
  m_Children:
  - {fileID: 4752183548501793208}
  - {fileID: 5166661566104694463}
  - {fileID: 6808748405793584387}
  m_Father: {fileID: 0}
  m_RootOrder: 0
  m_LocalEulerAnglesHint: {x: 0, y: 0, z: 0}
--- !u!54 &7167746725554364036
Rigidbody:
  m_ObjectHideFlags: 0
  m_CorrespondingSourceObject: {fileID: 0}
  m_PrefabInstance: {fileID: 0}
  m_PrefabAsset: {fileID: 0}
  m_GameObject: {fileID: 7167746725554364035}
  serializedVersion: 2
  m_Mass: 1
  m_Drag: 0
  m_AngularDrag: 0.05
  m_UseGravity: 1
  m_IsKinematic: 0
  m_Interpolate: 0
  m_Constraints: 0
  m_CollisionDetection: 1
--- !u!114 &4758197226407723532
MonoBehaviour:
  m_ObjectHideFlags: 0
  m_CorrespondingSourceObject: {fileID: 0}
  m_PrefabInstance: {fileID: 0}
  m_PrefabAsset: {fileID: 0}
  m_GameObject: {fileID: 7167746725554364035}
  m_Enabled: 1
  m_EditorHideFlags: 0
  m_Script: {fileID: 11500000, guid: 2e74eb0ce3376b4478256e7b93f26b7d, type: 3}
  m_Name: 
  m_EditorClassIdentifier: 
  animator: {fileID: 218486377}
  bubbleEffect: {fileID: 4752183548501793191}
  normalObj: {fileID: 9092271726719768485}
  brokenObj: {fileID: 1642063915089245720}
  audioSource: {fileID: 2678935445269050104}
--- !u!95 &218486377
Animator:
  serializedVersion: 3
  m_ObjectHideFlags: 0
  m_CorrespondingSourceObject: {fileID: 0}
  m_PrefabInstance: {fileID: 0}
  m_PrefabAsset: {fileID: 0}
  m_GameObject: {fileID: 7167746725554364035}
  m_Enabled: 1
  m_Avatar: {fileID: 0}
  m_Controller: {fileID: 9100000, guid: 30f3e408de199b545aa6711e458e553e, type: 2}
  m_CullingMode: 0
  m_UpdateMode: 0
  m_ApplyRootMotion: 0
  m_LinearVelocityBlending: 0
  m_WarningMessage: 
  m_HasTransformHierarchy: 1
  m_AllowConstantClipSamplingOptimization: 1
  m_KeepAnimatorControllerStateOnDisable: 0
--- !u!65 &5103656305152806074
BoxCollider:
  m_ObjectHideFlags: 0
  m_CorrespondingSourceObject: {fileID: 0}
  m_PrefabInstance: {fileID: 0}
  m_PrefabAsset: {fileID: 0}
  m_GameObject: {fileID: 7167746725554364035}
  m_Material: {fileID: 0}
  m_IsTrigger: 0
  m_Enabled: 1
  serializedVersion: 2
  m_Size: {x: 1.9965262, y: 0.5719993, z: 1.895216}
  m_Center: {x: -0.013757467, y: -0.011742473, z: -0.006866455}
--- !u!82 &2678935445269050104
AudioSource:
  m_ObjectHideFlags: 0
  m_CorrespondingSourceObject: {fileID: 0}
  m_PrefabInstance: {fileID: 0}
  m_PrefabAsset: {fileID: 0}
  m_GameObject: {fileID: 7167746725554364035}
  m_Enabled: 1
  serializedVersion: 4
  OutputAudioMixerGroup: {fileID: 0}
  m_audioClip: {fileID: 8300000, guid: e9b068cf0fc97f44c9c2c43ad5ae4974, type: 3}
  m_PlayOnAwake: 1
  m_Volume: 1
  m_Pitch: 1
  Loop: 1
  Mute: 0
  Spatialize: 0
  SpatializePostEffects: 0
  Priority: 128
  DopplerLevel: 1
  MinDistance: 1
  MaxDistance: 500
  Pan2D: 0
  rolloffMode: 0
  BypassEffects: 0
  BypassListenerEffects: 0
  BypassReverbZones: 0
  rolloffCustomCurve:
    serializedVersion: 2
    m_Curve:
    - serializedVersion: 3
      time: 0
      value: 1
      inSlope: 0
      outSlope: 0
      tangentMode: 0
      weightedMode: 0
      inWeight: 0.33333334
      outWeight: 0.33333334
    - serializedVersion: 3
      time: 1
      value: 0
      inSlope: 0
      outSlope: 0
      tangentMode: 0
      weightedMode: 0
      inWeight: 0.33333334
      outWeight: 0.33333334
    m_PreInfinity: 2
    m_PostInfinity: 2
    m_RotationOrder: 4
  panLevelCustomCurve:
    serializedVersion: 2
    m_Curve:
    - serializedVersion: 3
      time: 0
      value: 0
      inSlope: 0
      outSlope: 0
      tangentMode: 0
      weightedMode: 0
      inWeight: 0.33333334
      outWeight: 0.33333334
    m_PreInfinity: 2
    m_PostInfinity: 2
    m_RotationOrder: 4
  spreadCustomCurve:
    serializedVersion: 2
    m_Curve:
    - serializedVersion: 3
      time: 0
      value: 0
      inSlope: 0
      outSlope: 0
      tangentMode: 0
      weightedMode: 0
      inWeight: 0.33333334
      outWeight: 0.33333334
    m_PreInfinity: 2
    m_PostInfinity: 2
    m_RotationOrder: 4
  reverbZoneMixCustomCurve:
    serializedVersion: 2
    m_Curve:
    - serializedVersion: 3
      time: 0
      value: 1
      inSlope: 0
      outSlope: 0
      tangentMode: 0
      weightedMode: 0
      inWeight: 0.33333334
      outWeight: 0.33333334
    m_PreInfinity: 2
    m_PostInfinity: 2
    m_RotationOrder: 4
--- !u!1001 &3204202106706605943
PrefabInstance:
  m_ObjectHideFlags: 0
  serializedVersion: 2
  m_Modification:
    m_TransformParent: {fileID: 7167746725554364039}
    m_Modifications:
    - target: {fileID: 5933950045731397842, guid: e9fbcddffd33a1b4cbe511219c13c530, type: 3}
      propertyPath: m_Name
      value: "\u836F\u7247\u597D"
      objectReference: {fileID: 0}
    - target: {fileID: 5933950045731397842, guid: e9fbcddffd33a1b4cbe511219c13c530, type: 3}
      propertyPath: m_IsActive
      value: 1
      objectReference: {fileID: 0}
    - target: {fileID: 8217402800340681332, guid: e9fbcddffd33a1b4cbe511219c13c530, type: 3}
      propertyPath: m_RootOrder
      value: 2
      objectReference: {fileID: 0}
    - target: {fileID: 8217402800340681332, guid: e9fbcddffd33a1b4cbe511219c13c530, type: 3}
      propertyPath: m_LocalPosition.x
      value: 0
      objectReference: {fileID: 0}
    - target: {fileID: 8217402800340681332, guid: e9fbcddffd33a1b4cbe511219c13c530, type: 3}
      propertyPath: m_LocalPosition.y
      value: 0
      objectReference: {fileID: 0}
    - target: {fileID: 8217402800340681332, guid: e9fbcddffd33a1b4cbe511219c13c530, type: 3}
      propertyPath: m_LocalPosition.z
      value: 0
      objectReference: {fileID: 0}
    - target: {fileID: 8217402800340681332, guid: e9fbcddffd33a1b4cbe511219c13c530, type: 3}
      propertyPath: m_LocalRotation.w
      value: 0.2800274
      objectReference: {fileID: 0}
    - target: {fileID: 8217402800340681332, guid: e9fbcddffd33a1b4cbe511219c13c530, type: 3}
      propertyPath: m_LocalRotation.x
      value: -0.2800274
      objectReference: {fileID: 0}
    - target: {fileID: 8217402800340681332, guid: e9fbcddffd33a1b4cbe511219c13c530, type: 3}
      propertyPath: m_LocalRotation.y
      value: 0.6492955
      objectReference: {fileID: 0}
    - target: {fileID: 8217402800340681332, guid: e9fbcddffd33a1b4cbe511219c13c530, type: 3}
      propertyPath: m_LocalRotation.z
      value: 0.6492955
      objectReference: {fileID: 0}
    - target: {fileID: 8217402800340681332, guid: e9fbcddffd33a1b4cbe511219c13c530, type: 3}
      propertyPath: m_LocalEulerAnglesHint.x
      value: 0
      objectReference: {fileID: 0}
    - target: {fileID: 8217402800340681332, guid: e9fbcddffd33a1b4cbe511219c13c530, type: 3}
      propertyPath: m_LocalEulerAnglesHint.y
      value: 0
      objectReference: {fileID: 0}
    - target: {fileID: 8217402800340681332, guid: e9fbcddffd33a1b4cbe511219c13c530, type: 3}
      propertyPath: m_LocalEulerAnglesHint.z
      value: 0
      objectReference: {fileID: 0}
    m_RemovedComponents: []
  m_SourcePrefab: {fileID: 100100000, guid: e9fbcddffd33a1b4cbe511219c13c530, type: 3}
--- !u!1 &9092271726719768485 stripped
GameObject:
  m_CorrespondingSourceObject: {fileID: 5933950045731397842, guid: e9fbcddffd33a1b4cbe511219c13c530, type: 3}
  m_PrefabInstance: {fileID: 3204202106706605943}
  m_PrefabAsset: {fileID: 0}
--- !u!4 &6808748405793584387 stripped
Transform:
  m_CorrespondingSourceObject: {fileID: 8217402800340681332, guid: e9fbcddffd33a1b4cbe511219c13c530, type: 3}
  m_PrefabInstance: {fileID: 3204202106706605943}
  m_PrefabAsset: {fileID: 0}
--- !u!1001 &3344729007377407815
PrefabInstance:
  m_ObjectHideFlags: 0
  serializedVersion: 2
  m_Modification:
    m_TransformParent: {fileID: 7167746725554364039}
    m_Modifications:
    - target: {fileID: 4081128922694904159, guid: c82937df97bad2946aa5528a23c36bdb, type: 3}
      propertyPath: m_Name
      value: "\u836F\u7247\u7834"
      objectReference: {fileID: 0}
    - target: {fileID: 4081128922694904159, guid: c82937df97bad2946aa5528a23c36bdb, type: 3}
      propertyPath: m_IsActive
      value: 1
      objectReference: {fileID: 0}
    - target: {fileID: 7627257316642501112, guid: c82937df97bad2946aa5528a23c36bdb, type: 3}
      propertyPath: m_RootOrder
      value: 1
      objectReference: {fileID: 0}
    - target: {fileID: 7627257316642501112, guid: c82937df97bad2946aa5528a23c36bdb, type: 3}
      propertyPath: m_LocalScale.x
      value: 100
      objectReference: {fileID: 0}
    - target: {fileID: 7627257316642501112, guid: c82937df97bad2946aa5528a23c36bdb, type: 3}
      propertyPath: m_LocalScale.y
      value: 100
      objectReference: {fileID: 0}
    - target: {fileID: 7627257316642501112, guid: c82937df97bad2946aa5528a23c36bdb, type: 3}
      propertyPath: m_LocalScale.z
      value: 27.572939
      objectReference: {fileID: 0}
    - target: {fileID: 7627257316642501112, guid: c82937df97bad2946aa5528a23c36bdb, type: 3}
      propertyPath: m_LocalPosition.x
      value: 0
      objectReference: {fileID: 0}
    - target: {fileID: 7627257316642501112, guid: c82937df97bad2946aa5528a23c36bdb, type: 3}
      propertyPath: m_LocalPosition.y
      value: 0
      objectReference: {fileID: 0}
    - target: {fileID: 7627257316642501112, guid: c82937df97bad2946aa5528a23c36bdb, type: 3}
      propertyPath: m_LocalPosition.z
      value: 0
      objectReference: {fileID: 0}
    - target: {fileID: 7627257316642501112, guid: c82937df97bad2946aa5528a23c36bdb, type: 3}
      propertyPath: m_LocalRotation.w
      value: -0.27098006
      objectReference: {fileID: 0}
    - target: {fileID: 7627257316642501112, guid: c82937df97bad2946aa5528a23c36bdb, type: 3}
      propertyPath: m_LocalRotation.x
      value: -0.35412496
      objectReference: {fileID: 0}
    - target: {fileID: 7627257316642501112, guid: c82937df97bad2946aa5528a23c36bdb, type: 3}
      propertyPath: m_LocalRotation.y
      value: 0.875601
      objectReference: {fileID: 0}
    - target: {fileID: 7627257316642501112, guid: c82937df97bad2946aa5528a23c36bdb, type: 3}
      propertyPath: m_LocalRotation.z
      value: 0.18571025
      objectReference: {fileID: 0}
    - target: {fileID: 7627257316642501112, guid: c82937df97bad2946aa5528a23c36bdb, type: 3}
      propertyPath: m_LocalEulerAnglesHint.x
      value: -172.34
      objectReference: {fileID: 0}
    - target: {fileID: 7627257316642501112, guid: c82937df97bad2946aa5528a23c36bdb, type: 3}
      propertyPath: m_LocalEulerAnglesHint.y
      value: 37.7
      objectReference: {fileID: 0}
    - target: {fileID: 7627257316642501112, guid: c82937df97bad2946aa5528a23c36bdb, type: 3}
      propertyPath: m_LocalEulerAnglesHint.z
      value: 133.341
      objectReference: {fileID: 0}
    m_RemovedComponents: []
  m_SourcePrefab: {fileID: 100100000, guid: c82937df97bad2946aa5528a23c36bdb, type: 3}
--- !u!1 &1642063915089245720 stripped
GameObject:
  m_CorrespondingSourceObject: {fileID: 4081128922694904159, guid: c82937df97bad2946aa5528a23c36bdb, type: 3}
  m_PrefabInstance: {fileID: 3344729007377407815}
  m_PrefabAsset: {fileID: 0}
--- !u!4 &5166661566104694463 stripped
Transform:
  m_CorrespondingSourceObject: {fileID: 7627257316642501112, guid: c82937df97bad2946aa5528a23c36bdb, type: 3}
  m_PrefabInstance: {fileID: 3344729007377407815}
  m_PrefabAsset: {fileID: 0}
--- !u!1001 &7606894079522280593
PrefabInstance:
  m_ObjectHideFlags: 0
  serializedVersion: 2
  m_Modification:
    m_TransformParent: {fileID: 7167746725554364039}
    m_Modifications:
    - target: {fileID: 2909950014595075369, guid: 5f259bacc2e0aab41a886b8553733cb7, type: 3}
      propertyPath: m_RootOrder
      value: 0
      objectReference: {fileID: 0}
    - target: {fileID: 2909950014595075369, guid: 5f259bacc2e0aab41a886b8553733cb7, type: 3}
      propertyPath: m_LocalPosition.x
      value: 0
      objectReference: {fileID: 0}
    - target: {fileID: 2909950014595075369, guid: 5f259bacc2e0aab41a886b8553733cb7, type: 3}
      propertyPath: m_LocalPosition.y
      value: 0
      objectReference: {fileID: 0}
    - target: {fileID: 2909950014595075369, guid: 5f259bacc2e0aab41a886b8553733cb7, type: 3}
      propertyPath: m_LocalPosition.z
      value: 0
      objectReference: {fileID: 0}
    - target: {fileID: 2909950014595075369, guid: 5f259bacc2e0aab41a886b8553733cb7, type: 3}
      propertyPath: m_LocalRotation.w
      value: 1
      objectReference: {fileID: 0}
    - target: {fileID: 2909950014595075369, guid: 5f259bacc2e0aab41a886b8553733cb7, type: 3}
      propertyPath: m_LocalRotation.x
      value: 0
      objectReference: {fileID: 0}
    - target: {fileID: 2909950014595075369, guid: 5f259bacc2e0aab41a886b8553733cb7, type: 3}
      propertyPath: m_LocalRotation.y
      value: 0
      objectReference: {fileID: 0}
    - target: {fileID: 2909950014595075369, guid: 5f259bacc2e0aab41a886b8553733cb7, type: 3}
      propertyPath: m_LocalRotation.z
      value: 0
      objectReference: {fileID: 0}
    - target: {fileID: 2909950014595075369, guid: 5f259bacc2e0aab41a886b8553733cb7, type: 3}
      propertyPath: m_LocalEulerAnglesHint.x
      value: 0
      objectReference: {fileID: 0}
    - target: {fileID: 2909950014595075369, guid: 5f259bacc2e0aab41a886b8553733cb7, type: 3}
      propertyPath: m_LocalEulerAnglesHint.y
      value: 0
      objectReference: {fileID: 0}
    - target: {fileID: 2909950014595075369, guid: 5f259bacc2e0aab41a886b8553733cb7, type: 3}
      propertyPath: m_LocalEulerAnglesHint.z
      value: 0
      objectReference: {fileID: 0}
    - target: {fileID: 2909950014595075382, guid: 5f259bacc2e0aab41a886b8553733cb7, type: 3}
      propertyPath: m_Name
      value: bubbleEffect
      objectReference: {fileID: 0}
    m_RemovedComponents: []
  m_SourcePrefab: {fileID: 100100000, guid: 5f259bacc2e0aab41a886b8553733cb7, type: 3}
--- !u!1 &4752183548501793191 stripped
GameObject:
  m_CorrespondingSourceObject: {fileID: 2909950014595075382, guid: 5f259bacc2e0aab41a886b8553733cb7, type: 3}
  m_PrefabInstance: {fileID: 7606894079522280593}
  m_PrefabAsset: {fileID: 0}
--- !u!4 &4752183548501793208 stripped
Transform:
  m_CorrespondingSourceObject: {fileID: 2909950014595075369, guid: 5f259bacc2e0aab41a886b8553733cb7, type: 3}
  m_PrefabInstance: {fileID: 7606894079522280593}
  m_PrefabAsset: {fileID: 0}
